%YAML 1.1
%TAG !u! tag:unity3d.com,2011:
--- !u!1 &4140680562439761917
GameObject:
  m_ObjectHideFlags: 0
  m_CorrespondingSourceObject: {fileID: 0}
  m_PrefabInstance: {fileID: 0}
  m_PrefabAsset: {fileID: 0}
  serializedVersion: 6
  m_Component:
  - component: {fileID: 3620181222239925575}
  - component: {fileID: 4140680562439761916}
  - component: {fileID: 4140680562439761919}
  m_Layer: 0
  m_Name: EnemyShip6
  m_TagString: Untagged
  m_Icon: {fileID: 0}
  m_NavMeshLayer: 0
  m_StaticEditorFlags: 0
  m_IsActive: 1
--- !u!4 &3620181222239925575
Transform:
  m_ObjectHideFlags: 0
  m_CorrespondingSourceObject: {fileID: 0}
  m_PrefabInstance: {fileID: 0}
  m_PrefabAsset: {fileID: 0}
  m_GameObject: {fileID: 4140680562439761917}
  m_LocalRotation: {x: 0, y: 1, z: 0, w: 0}
  m_LocalPosition: {x: 0, y: 6.43, z: 28.09}
  m_LocalScale: {x: 1, y: 1, z: 1}
  m_Children:
  - {fileID: 5179376487502063823}
  - {fileID: 4641643329766955122}
  - {fileID: 5183559200743037125}
  - {fileID: 5179376488048809239}
  - {fileID: 5179376487533960487}
  - {fileID: 5183559201248221733}
  m_Father: {fileID: 0}
  m_RootOrder: 0
  m_LocalEulerAnglesHint: {x: 0, y: 180, z: 0}
--- !u!114 &4140680562439761916
MonoBehaviour:
  m_ObjectHideFlags: 0
  m_CorrespondingSourceObject: {fileID: 0}
  m_PrefabInstance: {fileID: 0}
  m_PrefabAsset: {fileID: 0}
  m_GameObject: {fileID: 4140680562439761917}
  m_Enabled: 1
  m_EditorHideFlags: 0
  m_Script: {fileID: 11500000, guid: 053918c2e055bc647980a99dc8ef1ec1, type: 3}
  m_Name: 
  m_EditorClassIdentifier: 
  Health: 10
  MaxHealth: 10
  Damage: 1
  MaxDamage: 3
  DamagePoint: {fileID: 5179376488048809236}
  Weapon: {fileID: 648708939692600442}
  HealthView: {fileID: 2074645785397966387}
  isCanAttack: 0
  isAttack: 0
  Renderer: {fileID: 5773969695846556445}
  HitEffectPart: {fileID: 4327862306819455304}
  DeadParticle: {fileID: 7888857835762348652, guid: 84dab4a8cf751fc4181b5f09a6186c21,
    type: 3}
--- !u!114 &4140680562439761919
MonoBehaviour:
  m_ObjectHideFlags: 0
  m_CorrespondingSourceObject: {fileID: 0}
  m_PrefabInstance: {fileID: 0}
  m_PrefabAsset: {fileID: 0}
  m_GameObject: {fileID: 4140680562439761917}
  m_Enabled: 1
  m_EditorHideFlags: 0
  m_Script: {fileID: 11500000, guid: a0a152d3b8c6dbc4bbf1f0493071c635, type: 3}
  m_Name: 
  m_EditorClassIdentifier: 
  isMove: 1
--- !u!1 &5179376487502063820
GameObject:
  m_ObjectHideFlags: 0
  m_CorrespondingSourceObject: {fileID: 0}
  m_PrefabInstance: {fileID: 0}
  m_PrefabAsset: {fileID: 0}
  serializedVersion: 6
  m_Component:
  - component: {fileID: 5179376487502063823}
  m_Layer: 0
  m_Name: TurrentPlace
  m_TagString: Untagged
  m_Icon: {fileID: 0}
  m_NavMeshLayer: 0
  m_StaticEditorFlags: 0
  m_IsActive: 1
--- !u!4 &5179376487502063823
Transform:
  m_ObjectHideFlags: 0
  m_CorrespondingSourceObject: {fileID: 0}
  m_PrefabInstance: {fileID: 0}
  m_PrefabAsset: {fileID: 0}
  m_GameObject: {fileID: 5179376487502063820}
  m_LocalRotation: {x: 0, y: 0, z: 0, w: 1}
  m_LocalPosition: {x: 0, y: 0.92, z: 0.013}
  m_LocalScale: {x: 1, y: 1, z: 1}
  m_Children:
  - {fileID: 651755302112610151}
  m_Father: {fileID: 3620181222239925575}
  m_RootOrder: 0
  m_LocalEulerAnglesHint: {x: 0, y: 0, z: 0}
--- !u!1 &5179376488048809236
GameObject:
  m_ObjectHideFlags: 0
  m_CorrespondingSourceObject: {fileID: 0}
  m_PrefabInstance: {fileID: 0}
  m_PrefabAsset: {fileID: 0}
  serializedVersion: 6
  m_Component:
  - component: {fileID: 5179376488048809239}
  m_Layer: 0
  m_Name: DamagPoint
  m_TagString: Untagged
  m_Icon: {fileID: 5721338939258241955, guid: 0000000000000000d000000000000000, type: 0}
  m_NavMeshLayer: 0
  m_StaticEditorFlags: 0
  m_IsActive: 1
--- !u!4 &5179376488048809239
Transform:
  m_ObjectHideFlags: 0
  m_CorrespondingSourceObject: {fileID: 0}
  m_PrefabInstance: {fileID: 0}
  m_PrefabAsset: {fileID: 0}
  m_GameObject: {fileID: 5179376488048809236}
  m_LocalRotation: {x: 0, y: 0, z: 0, w: 1}
  m_LocalPosition: {x: 0, y: 0.881, z: 1.59}
  m_LocalScale: {x: 1, y: 1, z: 1}
  m_Children:
  - {fileID: 4522208287980908246}
  m_Father: {fileID: 3620181222239925575}
  m_RootOrder: 3
  m_LocalEulerAnglesHint: {x: 0, y: 0, z: 0}
--- !u!1 &5413817858228634312
GameObject:
  m_ObjectHideFlags: 0
  m_CorrespondingSourceObject: {fileID: 0}
  m_PrefabInstance: {fileID: 0}
  m_PrefabAsset: {fileID: 0}
  serializedVersion: 6
  m_Component:
  - component: {fileID: 4641643329766955122}
  - component: {fileID: 8630503896690530263}
  - component: {fileID: 5773969695846556445}
  m_Layer: 0
  m_Name: Model
  m_TagString: Untagged
  m_Icon: {fileID: 0}
  m_NavMeshLayer: 0
  m_StaticEditorFlags: 0
  m_IsActive: 1
--- !u!4 &4641643329766955122
Transform:
  m_ObjectHideFlags: 0
  m_CorrespondingSourceObject: {fileID: 0}
  m_PrefabInstance: {fileID: 0}
  m_PrefabAsset: {fileID: 0}
  m_GameObject: {fileID: 5413817858228634312}
  m_LocalRotation: {x: 0, y: 1, z: 0, w: 0}
  m_LocalPosition: {x: 0, y: 0, z: 0}
  m_LocalScale: {x: 1, y: 1, z: 1}
  m_Children: []
  m_Father: {fileID: 3620181222239925575}
  m_RootOrder: 1
  m_LocalEulerAnglesHint: {x: 0, y: 180, z: 0}
--- !u!33 &8630503896690530263
MeshFilter:
  m_ObjectHideFlags: 0
  m_CorrespondingSourceObject: {fileID: 0}
  m_PrefabInstance: {fileID: 0}
  m_PrefabAsset: {fileID: 0}
  m_GameObject: {fileID: 5413817858228634312}
  m_Mesh: {fileID: -7842816924921465685, guid: eda87f0d54186ef4e8fac6102e7b5dae, type: 3}
--- !u!23 &5773969695846556445
MeshRenderer:
  m_ObjectHideFlags: 0
  m_CorrespondingSourceObject: {fileID: 0}
  m_PrefabInstance: {fileID: 0}
  m_PrefabAsset: {fileID: 0}
  m_GameObject: {fileID: 5413817858228634312}
  m_Enabled: 1
  m_CastShadows: 1
  m_ReceiveShadows: 1
  m_DynamicOccludee: 1
  m_MotionVectors: 1
  m_LightProbeUsage: 1
  m_ReflectionProbeUsage: 1
  m_RayTracingMode: 2
  m_RenderingLayerMask: 1
  m_RendererPriority: 0
  m_Materials:
  - {fileID: 2100000, guid: 82e5f8534ae08334a8b42de37d105352, type: 2}
  - {fileID: 2100000, guid: 1808a39fe10a573448710329ba08aaaa, type: 2}
  - {fileID: 2100000, guid: 1808a39fe10a573448710329ba08aaaa, type: 2}
  - {fileID: 2100000, guid: 068d36d930307184399ae25ea984e165, type: 2}
  m_StaticBatchInfo:
    firstSubMesh: 0
    subMeshCount: 0
  m_StaticBatchRoot: {fileID: 0}
  m_ProbeAnchor: {fileID: 0}
  m_LightProbeVolumeOverride: {fileID: 0}
  m_ScaleInLightmap: 1
  m_ReceiveGI: 1
  m_PreserveUVs: 0
  m_IgnoreNormalsForChartDetection: 0
  m_ImportantGI: 0
  m_StitchLightmapSeams: 1
  m_SelectedEditorRenderState: 3
  m_MinimumChartSize: 4
  m_AutoUVMaxDistance: 0.5
  m_AutoUVMaxAngle: 89
  m_LightmapParameters: {fileID: 0}
  m_SortingLayerID: 0
  m_SortingLayer: 0
  m_SortingOrder: 0
--- !u!1001 &1812469952566789029
PrefabInstance:
  m_ObjectHideFlags: 0
  serializedVersion: 2
  m_Modification:
    m_TransformParent: {fileID: 3620181222239925575}
    m_Modifications:
    - target: {fileID: 6829700762827773977, guid: 7712aec7f69909941a55695f36100a24,
        type: 3}
      propertyPath: m_AnchoredPosition.y
      value: 2.8000107
      objectReference: {fileID: 0}
    - target: {fileID: 6829700764331144044, guid: 7712aec7f69909941a55695f36100a24,
        type: 3}
      propertyPath: m_AnchorMax.x
      value: 0
      objectReference: {fileID: 0}
    - target: {fileID: 6829700764331144044, guid: 7712aec7f69909941a55695f36100a24,
        type: 3}
      propertyPath: m_AnchorMax.y
      value: 0
      objectReference: {fileID: 0}
    - target: {fileID: 6829700764557434497, guid: 7712aec7f69909941a55695f36100a24,
        type: 3}
      propertyPath: m_Name
      value: HealthCanvas
      objectReference: {fileID: 0}
    - target: {fileID: 6829700764557434498, guid: 7712aec7f69909941a55695f36100a24,
        type: 3}
      propertyPath: m_LocalPosition.x
      value: 0
      objectReference: {fileID: 0}
    - target: {fileID: 6829700764557434498, guid: 7712aec7f69909941a55695f36100a24,
        type: 3}
      propertyPath: m_LocalPosition.y
      value: 0
      objectReference: {fileID: 0}
    - target: {fileID: 6829700764557434498, guid: 7712aec7f69909941a55695f36100a24,
        type: 3}
      propertyPath: m_LocalPosition.z
      value: -0.47
      objectReference: {fileID: 0}
    - target: {fileID: 6829700764557434498, guid: 7712aec7f69909941a55695f36100a24,
        type: 3}
      propertyPath: m_LocalRotation.x
      value: 0.0038419387
      objectReference: {fileID: 0}
    - target: {fileID: 6829700764557434498, guid: 7712aec7f69909941a55695f36100a24,
        type: 3}
      propertyPath: m_LocalRotation.y
      value: -0.99531233
      objectReference: {fileID: 0}
    - target: {fileID: 6829700764557434498, guid: 7712aec7f69909941a55695f36100a24,
        type: 3}
      propertyPath: m_LocalRotation.z
      value: 0.08561917
      objectReference: {fileID: 0}
    - target: {fileID: 6829700764557434498, guid: 7712aec7f69909941a55695f36100a24,
        type: 3}
      propertyPath: m_LocalRotation.w
      value: 0.04480998
      objectReference: {fileID: 0}
    - target: {fileID: 6829700764557434498, guid: 7712aec7f69909941a55695f36100a24,
        type: 3}
      propertyPath: m_RootOrder
      value: 4
      objectReference: {fileID: 0}
    - target: {fileID: 6829700764557434498, guid: 7712aec7f69909941a55695f36100a24,
        type: 3}
      propertyPath: m_LocalEulerAnglesHint.x
      value: 0
      objectReference: {fileID: 0}
    - target: {fileID: 6829700764557434498, guid: 7712aec7f69909941a55695f36100a24,
        type: 3}
      propertyPath: m_LocalEulerAnglesHint.y
      value: 0
      objectReference: {fileID: 0}
    - target: {fileID: 6829700764557434498, guid: 7712aec7f69909941a55695f36100a24,
        type: 3}
      propertyPath: m_LocalEulerAnglesHint.z
      value: 0
      objectReference: {fileID: 0}
    - target: {fileID: 6829700764557434498, guid: 7712aec7f69909941a55695f36100a24,
        type: 3}
      propertyPath: m_AnchoredPosition.x
      value: -0.04
      objectReference: {fileID: 0}
    - target: {fileID: 6829700764557434498, guid: 7712aec7f69909941a55695f36100a24,
        type: 3}
      propertyPath: m_AnchoredPosition.y
      value: 2.71
      objectReference: {fileID: 0}
    - target: {fileID: 6829700764557434498, guid: 7712aec7f69909941a55695f36100a24,
        type: 3}
      propertyPath: m_SizeDelta.x
      value: 359.29456
      objectReference: {fileID: 0}
    - target: {fileID: 6829700764557434498, guid: 7712aec7f69909941a55695f36100a24,
        type: 3}
      propertyPath: m_SizeDelta.y
      value: 638.74585
      objectReference: {fileID: 0}
    - target: {fileID: 6829700764557434498, guid: 7712aec7f69909941a55695f36100a24,
        type: 3}
      propertyPath: m_AnchorMin.x
      value: 0
      objectReference: {fileID: 0}
    - target: {fileID: 6829700764557434498, guid: 7712aec7f69909941a55695f36100a24,
        type: 3}
      propertyPath: m_AnchorMin.y
      value: 0
      objectReference: {fileID: 0}
    - target: {fileID: 6829700764557434498, guid: 7712aec7f69909941a55695f36100a24,
        type: 3}
      propertyPath: m_AnchorMax.x
      value: 0
      objectReference: {fileID: 0}
    - target: {fileID: 6829700764557434498, guid: 7712aec7f69909941a55695f36100a24,
        type: 3}
      propertyPath: m_AnchorMax.y
      value: 0
      objectReference: {fileID: 0}
    - target: {fileID: 6829700764557434498, guid: 7712aec7f69909941a55695f36100a24,
        type: 3}
      propertyPath: m_Pivot.x
      value: 0.5
      objectReference: {fileID: 0}
    - target: {fileID: 6829700764557434498, guid: 7712aec7f69909941a55695f36100a24,
        type: 3}
      propertyPath: m_Pivot.y
      value: 0.5
      objectReference: {fileID: 0}
    - target: {fileID: 6829700764557434501, guid: 7712aec7f69909941a55695f36100a24,
        type: 3}
      propertyPath: m_Camera
      value: 
      objectReference: {fileID: 0}
    m_RemovedComponents: []
  m_SourcePrefab: {fileID: 100100000, guid: 7712aec7f69909941a55695f36100a24, type: 3}
--- !u!224 &5179376487533960487 stripped
RectTransform:
  m_CorrespondingSourceObject: {fileID: 6829700764557434498, guid: 7712aec7f69909941a55695f36100a24,
    type: 3}
  m_PrefabInstance: {fileID: 1812469952566789029}
  m_PrefabAsset: {fileID: 0}
--- !u!114 &2074645785397966387 stripped
MonoBehaviour:
  m_CorrespondingSourceObject: {fileID: 427191638800479638, guid: 7712aec7f69909941a55695f36100a24,
    type: 3}
  m_PrefabInstance: {fileID: 1812469952566789029}
  m_PrefabAsset: {fileID: 0}
  m_GameObject: {fileID: 0}
  m_Enabled: 1
  m_EditorHideFlags: 0
  m_Script: {fileID: 11500000, guid: cd2d4f840c30b0b45a4baeb378117c61, type: 3}
  m_Name: 
  m_EditorClassIdentifier: 
--- !u!1001 &5179376486795864763
PrefabInstance:
  m_ObjectHideFlags: 0
  serializedVersion: 2
  m_Modification:
    m_TransformParent: {fileID: 3620181222239925575}
    m_Modifications:
    - target: {fileID: 1848344079066790, guid: 0276da4f7f58f52488624adb26f2ec92, type: 3}
      propertyPath: m_Name
      value: Flame_Mobile (1)
      objectReference: {fileID: 0}
    - target: {fileID: 4333003994165406, guid: 0276da4f7f58f52488624adb26f2ec92, type: 3}
      propertyPath: m_LocalPosition.x
      value: 3.33
      objectReference: {fileID: 0}
    - target: {fileID: 4333003994165406, guid: 0276da4f7f58f52488624adb26f2ec92, type: 3}
      propertyPath: m_LocalPosition.y
      value: 0.41
      objectReference: {fileID: 0}
    - target: {fileID: 4333003994165406, guid: 0276da4f7f58f52488624adb26f2ec92, type: 3}
      propertyPath: m_LocalPosition.z
      value: -2.21
      objectReference: {fileID: 0}
    - target: {fileID: 4333003994165406, guid: 0276da4f7f58f52488624adb26f2ec92, type: 3}
      propertyPath: m_LocalRotation.x
      value: -1
      objectReference: {fileID: 0}
    - target: {fileID: 4333003994165406, guid: 0276da4f7f58f52488624adb26f2ec92, type: 3}
      propertyPath: m_LocalRotation.y
      value: 0
      objectReference: {fileID: 0}
    - target: {fileID: 4333003994165406, guid: 0276da4f7f58f52488624adb26f2ec92, type: 3}
      propertyPath: m_LocalRotation.z
      value: 0
      objectReference: {fileID: 0}
    - target: {fileID: 4333003994165406, guid: 0276da4f7f58f52488624adb26f2ec92, type: 3}
      propertyPath: m_LocalRotation.w
      value: 0
      objectReference: {fileID: 0}
    - target: {fileID: 4333003994165406, guid: 0276da4f7f58f52488624adb26f2ec92, type: 3}
      propertyPath: m_RootOrder
      value: 5
      objectReference: {fileID: 0}
    - target: {fileID: 4333003994165406, guid: 0276da4f7f58f52488624adb26f2ec92, type: 3}
      propertyPath: m_LocalEulerAnglesHint.x
      value: -180
      objectReference: {fileID: 0}
    - target: {fileID: 4333003994165406, guid: 0276da4f7f58f52488624adb26f2ec92, type: 3}
      propertyPath: m_LocalEulerAnglesHint.y
      value: 0
      objectReference: {fileID: 0}
    - target: {fileID: 4333003994165406, guid: 0276da4f7f58f52488624adb26f2ec92, type: 3}
      propertyPath: m_LocalEulerAnglesHint.z
      value: 0
      objectReference: {fileID: 0}
    - target: {fileID: 4333003994165406, guid: 0276da4f7f58f52488624adb26f2ec92, type: 3}
      propertyPath: m_LocalScale.x
      value: 1
      objectReference: {fileID: 0}
    - target: {fileID: 4333003994165406, guid: 0276da4f7f58f52488624adb26f2ec92, type: 3}
      propertyPath: m_LocalScale.y
      value: 1
      objectReference: {fileID: 0}
    - target: {fileID: 4333003994165406, guid: 0276da4f7f58f52488624adb26f2ec92, type: 3}
      propertyPath: m_LocalScale.z
      value: 1
      objectReference: {fileID: 0}
    m_RemovedComponents: []
  m_SourcePrefab: {fileID: 100100000, guid: 0276da4f7f58f52488624adb26f2ec92, type: 3}
--- !u!4 &5183559201248221733 stripped
Transform:
  m_CorrespondingSourceObject: {fileID: 4333003994165406, guid: 0276da4f7f58f52488624adb26f2ec92,
    type: 3}
  m_PrefabInstance: {fileID: 5179376486795864763}
  m_PrefabAsset: {fileID: 0}
--- !u!1001 &5179376487167354971
PrefabInstance:
  m_ObjectHideFlags: 0
  serializedVersion: 2
  m_Modification:
    m_TransformParent: {fileID: 3620181222239925575}
    m_Modifications:
    - target: {fileID: 1848344079066790, guid: 0276da4f7f58f52488624adb26f2ec92, type: 3}
      propertyPath: m_Name
      value: Flame_Mobile
      objectReference: {fileID: 0}
    - target: {fileID: 4333003994165406, guid: 0276da4f7f58f52488624adb26f2ec92, type: 3}
      propertyPath: m_LocalPosition.x
      value: -3.374
      objectReference: {fileID: 0}
    - target: {fileID: 4333003994165406, guid: 0276da4f7f58f52488624adb26f2ec92, type: 3}
      propertyPath: m_LocalPosition.y
      value: 0.41
      objectReference: {fileID: 0}
    - target: {fileID: 4333003994165406, guid: 0276da4f7f58f52488624adb26f2ec92, type: 3}
      propertyPath: m_LocalPosition.z
      value: -2.21
      objectReference: {fileID: 0}
    - target: {fileID: 4333003994165406, guid: 0276da4f7f58f52488624adb26f2ec92, type: 3}
      propertyPath: m_LocalRotation.x
      value: -1
      objectReference: {fileID: 0}
    - target: {fileID: 4333003994165406, guid: 0276da4f7f58f52488624adb26f2ec92, type: 3}
      propertyPath: m_LocalRotation.y
      value: 0
      objectReference: {fileID: 0}
    - target: {fileID: 4333003994165406, guid: 0276da4f7f58f52488624adb26f2ec92, type: 3}
      propertyPath: m_LocalRotation.z
      value: 0
      objectReference: {fileID: 0}
    - target: {fileID: 4333003994165406, guid: 0276da4f7f58f52488624adb26f2ec92, type: 3}
      propertyPath: m_LocalRotation.w
      value: 0
      objectReference: {fileID: 0}
    - target: {fileID: 4333003994165406, guid: 0276da4f7f58f52488624adb26f2ec92, type: 3}
      propertyPath: m_RootOrder
      value: 2
      objectReference: {fileID: 0}
    - target: {fileID: 4333003994165406, guid: 0276da4f7f58f52488624adb26f2ec92, type: 3}
      propertyPath: m_LocalEulerAnglesHint.x
      value: -180
      objectReference: {fileID: 0}
    - target: {fileID: 4333003994165406, guid: 0276da4f7f58f52488624adb26f2ec92, type: 3}
      propertyPath: m_LocalEulerAnglesHint.y
      value: 0
      objectReference: {fileID: 0}
    - target: {fileID: 4333003994165406, guid: 0276da4f7f58f52488624adb26f2ec92, type: 3}
      propertyPath: m_LocalEulerAnglesHint.z
      value: 0
      objectReference: {fileID: 0}
    - target: {fileID: 4333003994165406, guid: 0276da4f7f58f52488624adb26f2ec92, type: 3}
      propertyPath: m_LocalScale.x
      value: 1
      objectReference: {fileID: 0}
    - target: {fileID: 4333003994165406, guid: 0276da4f7f58f52488624adb26f2ec92, type: 3}
      propertyPath: m_LocalScale.y
      value: 1
      objectReference: {fileID: 0}
    - target: {fileID: 4333003994165406, guid: 0276da4f7f58f52488624adb26f2ec92, type: 3}
      propertyPath: m_LocalScale.z
      value: 1
      objectReference: {fileID: 0}
    m_RemovedComponents: []
  m_SourcePrefab: {fileID: 100100000, guid: 0276da4f7f58f52488624adb26f2ec92, type: 3}
--- !u!4 &5183559200743037125 stripped
Transform:
  m_CorrespondingSourceObject: {fileID: 4333003994165406, guid: 0276da4f7f58f52488624adb26f2ec92,
    type: 3}
  m_PrefabInstance: {fileID: 5179376487167354971}
  m_PrefabAsset: {fileID: 0}
--- !u!1001 &5179376488085373708
PrefabInstance:
  m_ObjectHideFlags: 0
  serializedVersion: 2
  m_Modification:
    m_TransformParent: {fileID: 5179376487502063823}
    m_Modifications:
    - target: {fileID: 5683677070055026549, guid: d613f6331d8f66349813215146ceb288,
        type: 3}
      propertyPath: m_Name
      value: RocketTurrent
      objectReference: {fileID: 0}
    - target: {fileID: 5686824252472329323, guid: d613f6331d8f66349813215146ceb288,
        type: 3}
      propertyPath: m_LocalPosition.x
      value: 0
      objectReference: {fileID: 0}
    - target: {fileID: 5686824252472329323, guid: d613f6331d8f66349813215146ceb288,
        type: 3}
      propertyPath: m_LocalPosition.y
      value: 0
      objectReference: {fileID: 0}
    - target: {fileID: 5686824252472329323, guid: d613f6331d8f66349813215146ceb288,
        type: 3}
      propertyPath: m_LocalPosition.z
      value: 0
      objectReference: {fileID: 0}
    - target: {fileID: 5686824252472329323, guid: d613f6331d8f66349813215146ceb288,
        type: 3}
      propertyPath: m_LocalRotation.x
      value: -0
      objectReference: {fileID: 0}
    - target: {fileID: 5686824252472329323, guid: d613f6331d8f66349813215146ceb288,
        type: 3}
      propertyPath: m_LocalRotation.y
      value: -0
      objectReference: {fileID: 0}
    - target: {fileID: 5686824252472329323, guid: d613f6331d8f66349813215146ceb288,
        type: 3}
      propertyPath: m_LocalRotation.z
      value: -0
      objectReference: {fileID: 0}
    - target: {fileID: 5686824252472329323, guid: d613f6331d8f66349813215146ceb288,
        type: 3}
      propertyPath: m_LocalRotation.w
      value: 1
      objectReference: {fileID: 0}
    - target: {fileID: 5686824252472329323, guid: d613f6331d8f66349813215146ceb288,
        type: 3}
      propertyPath: m_RootOrder
      value: 0
      objectReference: {fileID: 0}
    - target: {fileID: 5686824252472329323, guid: d613f6331d8f66349813215146ceb288,
        type: 3}
      propertyPath: m_LocalEulerAnglesHint.x
      value: 0
      objectReference: {fileID: 0}
    - target: {fileID: 5686824252472329323, guid: d613f6331d8f66349813215146ceb288,
        type: 3}
      propertyPath: m_LocalEulerAnglesHint.y
      value: 0
      objectReference: {fileID: 0}
    - target: {fileID: 5686824252472329323, guid: d613f6331d8f66349813215146ceb288,
        type: 3}
      propertyPath: m_LocalEulerAnglesHint.z
      value: 0
      objectReference: {fileID: 0}
    m_RemovedComponents: []
  m_SourcePrefab: {fileID: 100100000, guid: d613f6331d8f66349813215146ceb288, type: 3}
--- !u!4 &651755302112610151 stripped
Transform:
  m_CorrespondingSourceObject: {fileID: 5686824252472329323, guid: d613f6331d8f66349813215146ceb288,
    type: 3}
  m_PrefabInstance: {fileID: 5179376488085373708}
  m_PrefabAsset: {fileID: 0}
--- !u!114 &648708939692600442 stripped
MonoBehaviour:
  m_CorrespondingSourceObject: {fileID: 5683677070055026550, guid: d613f6331d8f66349813215146ceb288,
    type: 3}
  m_PrefabInstance: {fileID: 5179376488085373708}
  m_PrefabAsset: {fileID: 0}
  m_GameObject: {fileID: 0}
  m_Enabled: 1
  m_EditorHideFlags: 0
  m_Script: {fileID: 11500000, guid: 49cf18d1e6f246949b5c3307e76f1d72, type: 3}
  m_Name: 
  m_EditorClassIdentifier: 
--- !u!1001 &6745767367441933377
PrefabInstance:
  m_ObjectHideFlags: 0
  serializedVersion: 2
  m_Modification:
    m_TransformParent: {fileID: 5179376488048809239}
    m_Modifications:
    - target: {fileID: 7030788039258070281, guid: a020743ab3504bc439e356b0e0072291,
        type: 3}
      propertyPath: RotationBySpeedModule.enabled
      value: 0
      objectReference: {fileID: 0}
    - target: {fileID: 7030788039258070281, guid: a020743ab3504bc439e356b0e0072291,
        type: 3}
      propertyPath: RotationBySpeedModule.separateAxes
      value: 1
      objectReference: {fileID: 0}
    - target: {fileID: 7030788039258070281, guid: a020743ab3504bc439e356b0e0072291,
        type: 3}
      propertyPath: RotationBySpeedModule.x.scalar
      value: 0.10471975
      objectReference: {fileID: 0}
    - target: {fileID: 7030788039258070281, guid: a020743ab3504bc439e356b0e0072291,
        type: 3}
      propertyPath: RotationBySpeedModule.y.scalar
      value: 0.06981317
      objectReference: {fileID: 0}
    - target: {fileID: 7157781482031392989, guid: a020743ab3504bc439e356b0e0072291,
        type: 3}
      propertyPath: m_Name
      value: HitShip
      objectReference: {fileID: 0}
    - target: {fileID: 7160683638078671511, guid: a020743ab3504bc439e356b0e0072291,
        type: 3}
      propertyPath: m_LocalPosition.x
      value: 0
      objectReference: {fileID: 0}
    - target: {fileID: 7160683638078671511, guid: a020743ab3504bc439e356b0e0072291,
        type: 3}
      propertyPath: m_LocalPosition.y
      value: 0.64000005
      objectReference: {fileID: 0}
    - target: {fileID: 7160683638078671511, guid: a020743ab3504bc439e356b0e0072291,
        type: 3}
      propertyPath: m_LocalPosition.z
      value: -0.75
      objectReference: {fileID: 0}
    - target: {fileID: 7160683638078671511, guid: a020743ab3504bc439e356b0e0072291,
        type: 3}
      propertyPath: m_LocalRotation.x
      value: -1
      objectReference: {fileID: 0}
    - target: {fileID: 7160683638078671511, guid: a020743ab3504bc439e356b0e0072291,
        type: 3}
      propertyPath: m_LocalRotation.y
      value: -0
      objectReference: {fileID: 0}
    - target: {fileID: 7160683638078671511, guid: a020743ab3504bc439e356b0e0072291,
        type: 3}
      propertyPath: m_LocalRotation.z
      value: -0
      objectReference: {fileID: 0}
    - target: {fileID: 7160683638078671511, guid: a020743ab3504bc439e356b0e0072291,
        type: 3}
      propertyPath: m_LocalRotation.w
      value: 0
      objectReference: {fileID: 0}
    - target: {fileID: 7160683638078671511, guid: a020743ab3504bc439e356b0e0072291,
        type: 3}
      propertyPath: m_RootOrder
      value: 0
      objectReference: {fileID: 0}
    - target: {fileID: 7160683638078671511, guid: a020743ab3504bc439e356b0e0072291,
        type: 3}
      propertyPath: m_LocalEulerAnglesHint.x
      value: -180
      objectReference: {fileID: 0}
    - target: {fileID: 7160683638078671511, guid: a020743ab3504bc439e356b0e0072291,
        type: 3}
      propertyPath: m_LocalEulerAnglesHint.y
      value: 0
      objectReference: {fileID: 0}
    - target: {fileID: 7160683638078671511, guid: a020743ab3504bc439e356b0e0072291,
        type: 3}
      propertyPath: m_LocalEulerAnglesHint.z
      value: 0
      objectReference: {fileID: 0}
    m_RemovedComponents: []
  m_SourcePrefab: {fileID: 100100000, guid: a020743ab3504bc439e356b0e0072291, type: 3}
--- !u!4 &4522208287980908246 stripped
Transform:
  m_CorrespondingSourceObject: {fileID: 7160683638078671511, guid: a020743ab3504bc439e356b0e0072291,
    type: 3}
  m_PrefabInstance: {fileID: 6745767367441933377}
  m_PrefabAsset: {fileID: 0}
--- !u!198 &4327862306819455304 stripped
ParticleSystem:
  m_CorrespondingSourceObject: {fileID: 7030788039258070281, guid: a020743ab3504bc439e356b0e0072291,
    type: 3}
  m_PrefabInstance: {fileID: 6745767367441933377}
  m_PrefabAsset: {fileID: 0}
